@book{russelNorvig2003:aima,
  abstract = {{The long-anticipated revision of this best-selling book offers the most comprehensive, up-to-date introduction to the theory and practice of artificial intelligence. Intelligent Agents. Solving Problems by Searching. Informed Search Methods. Game Playing. Agents that Reason Logically. First-order Logic. Building a Knowledge Base. Inference in First-Order Logic. Logical Reasoning Systems. Practical Planning. Planning and Acting. Uncertainty. Probabilistic Reasoning Systems. Making Simple Decisions. Making Complex Decisions. Learning from Observations. Learning with Neural Networks. Reinforcement Learning. Knowledge in Learning. Agents that Communicate. Practical Communication in English. Perception. Robotics. For those interested in artificial intelligence.}},
  added-at = {2010-04-19T01:35:48.000+0200},
  author = {Russell, Stuart J. and Norvig, Peter},
  biburl = {https://www.bibsonomy.org/bibtex/2aab790cf69e18d11b87b7fdbb1a0bf9e/franz},
  citeulike-article-id = {113848},
  description = {import from cite-u-like},
  howpublished = {Hardcover},
  interhash = {2d5e32236d3ab0ad8a224c2de22fcbb7},
  intrahash = {aab790cf69e18d11b87b7fdbb1a0bf9e},
  isbn = {0137903952},
  keywords = {intelligence},
  month = {December},
  posted-at = {2007-12-04 01:39:10},
  priority = {0},
  publisher = {{Prentice Hall}},
  timestamp = {2010-04-19T01:35:48.000+0200},
  title = {Artificial Intelligence: A Modern Approach (2nd Edition)},
  year = 2002
},
@online{amitp,
  author = {Amit Patel},
  title = {Introduction to A*},
  url = {https://theory.stanford.edu/~amitp/GameProgramming/AStarComparison.html},
  urldate = {2019-04-19}
}

